@inproceedings{pyterrier2020ictir,
    author = {Craig Macdonald and Nicola Tonellotto},
    title = {Declarative Experimentation inInformation Retrieval using PyTerrier},
    booktitle = {Proceedings of ICTIR 2020},
    year = {2020}
}

@misc{githubRepo,
  author = {Sean MacAvaney},
  title = {pyterrier\_t5},
  howpublished = {\url{https://github.com/terrierteam/pyterrier_t5}},
}